<record><leader>00000cas a2200000 a 4500</leader><controlfield tag="001">40822607</controlfield><controlfield tag="008">990219d19681970miuwr n       0    0eng c</controlfield><datafield ind1=" " ind2=" " tag="010"><subfield code="a">sn 98066848 </subfield></datafield><datafield ind1=" " ind2=" " tag="040"><subfield code="a">MHN</subfield><subfield code="b">eng</subfield><subfield code="c">MHN</subfield><subfield code="d">OCL</subfield><subfield code="d">OCLCQ</subfield><subfield code="d">OCLCF</subfield><subfield code="d">OCLCO</subfield></datafield><datafield ind1="1" ind2=" " tag="029"><subfield code="a">AU@</subfield><subfield code="b">000014546323</subfield></datafield><datafield ind1=" " ind2=" " tag="042"><subfield code="a">pcc</subfield></datafield><datafield ind1=" " ind2=" " tag="043"><subfield code="a">n-us-mi</subfield></datafield><datafield ind1="0" ind2=" " tag="130"><subfield code="a">Wyoming star (Wyoming, Mich.)</subfield></datafield><datafield ind1="1" ind2="4" tag="245"><subfield code="a">The Wyoming star.</subfield></datafield><datafield ind1=" " ind2=" " tag="260"><subfield code="a">Wyoming, Mich. :</subfield><subfield code="b">Almanac Pub. Co.</subfield></datafield><datafield ind1=" " ind2=" " tag="300"><subfield code="a">v.</subfield></datafield><datafield ind1=" " ind2=" " tag="310"><subfield code="a">Weekly</subfield></datafield><datafield ind1="0" ind2=" " tag="362"><subfield code="a">Vol. 61, no. 49 (July 18, 1968)-v. 64, no. 8 (Oct. 15, 1970) ; 64th yr., no. 9 (Oct. 22, 1970)-64th yr., no. 13 (Nov. 19, 1970).</subfield></datafield><datafield ind1=" " ind2=" " tag="500"><subfield code="a">Published in Grand Rapids, Feb. 13, 1969-Sept. 24, 1970. Published in Grandville, Oct. 1-Nov. 19, 1970.</subfield></datafield><datafield ind1=" " ind2="0" tag="651"><subfield code="a">Wyoming (Mich.)</subfield><subfield code="v">Newspapers.</subfield></datafield><datafield ind1=" " ind2="0" tag="651"><subfield code="a">Kent County (Mich.)</subfield><subfield code="v">Newspapers.</subfield></datafield><datafield ind1=" " ind2="7" tag="655"><subfield code="a">Newspapers.</subfield><subfield code="2">fast</subfield><subfield code="0">(OCoLC)fst01423814</subfield></datafield><datafield ind1=" " ind2="7" tag="651"><subfield code="a">Michigan</subfield><subfield code="z">Kent County.</subfield><subfield code="2">fast</subfield><subfield code="0">(OCoLC)fst01202912</subfield></datafield><datafield ind1=" " ind2="7" tag="651"><subfield code="a">Michigan</subfield><subfield code="z">Wyoming.</subfield><subfield code="2">fast</subfield><subfield code="0">(OCoLC)fst01238328</subfield></datafield><datafield ind1=" " ind2=" " tag="752"><subfield code="a">United States</subfield><subfield code="b">Michigan</subfield><subfield code="c">Kent</subfield><subfield code="d">Wyoming.</subfield></datafield><datafield ind1=" " ind2=" " tag="752"><subfield code="a">United States</subfield><subfield code="b">Michigan</subfield><subfield code="c">Kent</subfield><subfield code="d">Grand Rapids.</subfield></datafield><datafield ind1=" " ind2=" " tag="752"><subfield code="a">United States</subfield><subfield code="b">Michigan</subfield><subfield code="c">Kent</subfield><subfield code="d">Grandville.</subfield></datafield><datafield ind1="0" ind2="0" tag="780"><subfield code="t">Wyoming alliance</subfield><subfield code="w">(DLC)sn 98066861</subfield><subfield code="w">(OCoLC)40806334</subfield></datafield><datafield ind1="0" ind2="0" tag="785"><subfield code="t">Almanac for Wyoming</subfield><subfield code="w">(DLC)sn 98066852</subfield><subfield code="w">(OCoLC)40822912</subfield></datafield></record>